% I am including only papers that USE cudpp as opposed to those that
% COMPARE AGAINST cudpp.

@MastersThesis{Aksnes:2009:GTF,
  author =	 {Eirik Ola Aksnes and Henrik Hesland},
  title =	 {{GPU} Techniques for Porous Rock Visualization},
  school =	 {Norwegian University of Science and Technology},
  year =	 2009,
  month =	 jan,
  note =	 {IDI Tech report no. 02-10, ISSN 1503-416X}
}

@incollection{Allusse:2008:GAG,
  author =	 "Yannick Allusse and Patrick Horain and Ankit Agarwal
                  and Cindula Saipriyadarshan",
  title =	 "{GpuCV}: A {GPU}-Accelerated Framework for Image
                  Processing and Computer Vision",
  booktitle =	 "Advances in Visual Computing",
  series =	 {Lecture Notes in Computer Science},
  publisher =	 "Springer",
  volume =	 5359,
  year =	 2008,
  month =	 dec,
  pages =	 "430--439",
  doi =		 "10.1007/978-3-540-89646-3",
}

@InCollection{Aubert:2009:API,
  author =	 {Dominique Aubert and Mehdi Amini and Romaric David},
  title =	 {A Particle-Mesh Integrator for Galactic Dynamics
                  Powered by {GPGPU}s},
  booktitle =	 {Proceedings of the 9th International Conference on
                  Computational Science},
  series =	 {Lecture Notes in Computer Science},
  publisher =	 {Springer},
  volume =	 5544,
  year =	 2008,
  month =	 may,
  pages =	 {874--883},
  doi =		 {10.1007/978-3-642-01970-8_88},
}

@inproceedings{Billeter:2009:ESC,
  author =	 {Markus Billeter and Ola Olsson and Ulf Assarsson},
  title =	 {Efficient Stream Compaction on Wide {SIMD} Many-Core
                  Architectures},
  booktitle =	 {Proceedings of High Performance Graphics 2009},
  year =	 2009,
  month =	 aug,
  pages =	 {159--166},
  doi =		 {10.1145/1572769.1572795},
}

@inproceedings{Chong:2008:DLV,
  author =	 {Jike Chong and Youngmin Yi and Arlo Faria and
                  Nadathur Satish and Kurt Keutzer},
  title =	 {Data-Parallel Large Vocabulary Continuous Speech
                  Recognition on Graphics Processors},
  booktitle =	 {Proceedings of the 1st Annual Workshop on Emerging
                  Applications and Many Core Architecture (EAMA)},
  pages =	 {23--35},
  month =	 jun,
  year =	 2008,
  url =		 {http://www.gigascale.org/pubs/1499.html},
}

@MastersThesis{Dukehart:2009:GRW,
  author =	 {Sean Peter Dukehart},
  title =	 {{GPU} Random Walkers for Iterative Image
                  Segmentation},
  school =	 {Department of Computer Science, University of
                  Maryland Baltimore County},
  year =	 2009,
  month =	 feb
}

@InProceedings{   Eisenacher:2009:RTV,
  author =	 {Christian Eisenacher and Quirin Meyer and Charles
                  Loop},
  title =	 {Real-Time View-Dependent Rendering of Parametric
                  Surfaces},
  booktitle =	 {I3D '09: Proceedings of the 2009 Symposium on
                  Interactive 3D Graphics and Games},
  month =	 feb # "\slash " # mar,
  year =	 2009,
  pages =	 {137--143},
  doi =		 {10.1145/1507149.1507172}
}

@inproceedings{Eisenacher:2010:DMR,
  author =	 {Christian Eisenacher and Charles Loop},
  title =	 {Data-parallel Micropolygon Rasterization},
  booktitle =	 {Eurographics 2010 Annex: Short Papers},
  editor =	 {Stefan Seipel and Hendrik Lensch},
  month =	 may,
  year =	 2010
}

@MastersThesis{Fleisz:2009:PMO,
  author =	 {Martin Fleisz},
  title =	 {Photon Mapping on the {GPU}},
  school =	 {School of Informatics, University of Edinburgh},
  year =	 2009
}

@Article{Garanzha:2010:FRS,
  author =	 {Kirill Garanzha and Charles Loop},
  title =	 {Fast Ray Sorting and Breadth-First Packet Traversal
                  for {GPU} Ray Tracing},
  journal =	 {Computer Graphics Forum},
  year =	 2010,
  volume =	 29,
  number =	 2,
  month =	 may
}

@incollection{Godiyal:2009:RMG,
  author =	 {Apeksha Godiyal and Jared Hoberock and Michael
                  Garland and John C. Hart},
  title =	 {Rapid Multipole Graph Drawing on the {GPU}},
  booktitle =	 {Proceedings of the 16th International Symposium on
                  Graph Drawing},
  series =	 {Lecture Notes in Computer Science},
  publisher =	 "Springer",
  volume =	 5417,
  pages =	 {90--101},
  month =	 sep,
  year =	 2009,
  doi =		 "10.1007/978-3-642-00219-9",
}

@article{He:2009:RQC,
  author =	 {Bingsheng He and Mian Lu and Ke Yang and Rui Fang
                  and Naga K. Govindaraju and Qiong Luo and Pedro V.
                  Sander},
  title =	 {Relational Query Coprocessing on Graphics
                  Processors},
  journal =	 {ACM Transactions on Database Systems},
  volume =	 34,
  number =	 4,
  month =	 dec,
  year =	 2009,
  pages =	 {1--39},
  doi =		 {10.1145/1620585.1620588},
}

@inproceedings{Hoberock:2009:SCF,
  author =	 {Jared Hoberock and Victor Lu and Yuntao Jia and John
                  C. Hart},
  title =	 {Stream Compaction for Deferred Shading},
  booktitle =	 {Proceedings of High Performance Graphics 2009},
  year =	 2009,
  month =	 aug,
  pages =	 {173--180},
  doi =		 {10.1145/1572769.1572797},
}

@article{Hou:2008:BBG,
  title =	 "{BSGP}: Bulk-Synchronous {GPU} Programming",
  author =	 "Qiming Hou and Kun Zhou and Baining Guo",
  journal =	 "ACM Transactions on Graphics",
  volume =	 27,
  number =	 3,
  month =	 aug,
  year =	 2008,
  pages =	 "19:1--19:13",
}

@inproceedings{Huang:2009:AEO,
  author =	 {Bonan Huang and Jinlan Gao and Xiaoming Li},
  title =	 {An Empirically Optimized Radix Sort for {GPU}},
  booktitle =	 {International Symposium on Parallel and Distributed
                  Processing with Applications},
  year =	 2009,
  month =	 aug,
  pages =	 {234--241},
  doi =		 {10.1109/ISPA.2009.89},
}

@inproceedings{Hussein:2009:EBA,
  author =	 {Mohamed Hussein and Wael Abd-Almageed},
  title =	 {Efficient Band Approximation of {G}ram Matrices for
                  Large Scale Kernel Methods on {GPU}s},
  booktitle =	 {SC '09: Proceedings of the Conference on High
                  Performance Computing Networking, Storage and
                  Analysis},
  year =	 2009,
  month =	 nov,
  pages =	 {31:1--31:10},
  doi =		 {10.1145/1654059.1654091},
}

@TechReport{Ivson:2009:GUG,
  author =	 {Paulo Ivson and Leonardo Duarte and Waldemar Celes},
  title =	 {{GPU}-Accelerated Uniform Grid Construction for Ray
                  Tracing Dynamic Scenes},
  institution =	 {Pontif{\'{i}}cia Universidade Cat{\'{o}}lica do Rio
                  de Janeiro, Departamento de Inform{\'{a}}tica},
  year =	 2009,
  number =	 {14/09},
  month =	 jun
}

@inproceedings{Kalbe:2009:HRO,
  author =	 {Thomas Kalbe and Thomas Koch and Michael Goesele},
  title =	 {High-Quality Rendering of Varying Isosurfaces with
                  Cubic Trivariate C$^1$-Continuous Splines},
  booktitle =	 {ISVC '09: Proceedings of the 5th International
                  Symposium on Advances in Visual Computing},
  year =	 2009,
  month =	 nov # "\slash " # dec,
  pages =	 {596--607},
  location =	 {Las Vegas, Nevada},
  doi =		 {10.1007/978-3-642-10331-5_56},
}

@InProceedings{Ladikos:2008:EVH,
  title =	 {Efficient Visual Hull Computation for Real-Time 3{D}
                  Reconstruction using {CUDA}},
  author =	 {Alexander Ladikos and Selim Benhimane and Nassir
                  Navab},
  booktitle =	 {CVPRW '08: Computer Vision and Pattern Recognition
                  Workshops},
  year =	 2008,
  month =	 jun,
  pages =	 {1--8},
  doi =		 {10.1109/CVPRW.2008.4563098},
}

@inproceedings{Patnaik:2009:AAT,
  author =	 {Debprakash Patnaik and Sean P. Ponce and Yong Cao
                  and Naren Ramakrishnan},
  title =	 {Accelerator-Oriented Algorithm Transformation for
                  Temporal Data Mining},
  booktitle =	 {IFIP International Conference on Network and
                  Parallel Computing Workshops},
  year =	 2009,
  month =	 aug,
  pages =	 {93--100},
  doi =		 {10.1109/NPC.2009.26},
}

@Article{Patney:2008:RRA,
  author =	 {Anjul Patney and John D. Owens},
  title =	 {Real-Time {R}eyes-Style Adaptive Surface
                  Subdivision},
  journal =	 {ACM Transactions on Graphics},
  volume =	 27,
  number =	 5,
  year =	 2008,
  month =	 dec,
  url =
                  "http://graphics.idav.ucdavis.edu/publications/print_pub?pub_id=952",
  doi =		 {10.1145/1409060.1409096},
  pages =	 "143:1--143:8",
}

@InProceedings{Patney:2009:PVT,
  author =	 {Anjul Patney and Mohamed S. Ebeida and John D.
                  Owens},
  title =	 {Parallel View-Dependent Tessellation of
                  {C}atmull-{C}lark Subdivision Surfaces},
  booktitle =	 {Proceedings of High Performance Graphics 2009},
  year =	 2009,
  month =	 aug,
  pages =	 {99--108},
  url =
                  "http://graphics.idav.ucdavis.edu/publications/print_pub?pub_id=964",
  doi =		 {10.1145/1572769.1572785},
}

@InProceedings{Peters:2009:FCI,
  author =	 {Hagen Peters and Ole Schulz-Hildebrandt and Norbert
                  Luttenberger},
  title =	 {Fast comparison-based in-place sorting with {CUDA}},
  booktitle =	 {Eighth International Conference on Parallel
                  Processing and Applied Mathematics},
  year =	 2009,
  month =	 sep
}

@MastersThesis{Ponce:2009:TAT,
  author =	 {Sean P. Ponce},
  title =	 {Towards Algorithm Transformation for Temporal Data
                  Mining on {GPU}},
  school =	 {Department of Computer Science, Virginia Polytechnic
                  Institute and State University},
  year =	 2009,
  month =	 "7~" # jul,
}

@InProceedings{Qiu:2009:GNN,
  author =	 {Deyuan Qiu and Stefan May and Andreas N{\"{u}}chter},
  title =	 {{GPU}-accelerated Nearest Neighbor Search for 3{D}
                  Registration},
  booktitle =	 {ICVS \textln{2009}: Proceedings of the 7th
                  International Conference on Computer Vision Systems},
  year =	 2009,
  month =	 oct
}

@InProceedings{   Satish:2009:DES,
  author =	 "Nadathur Satish and Mark Harris and Michael Garland",
  title =	 "Designing Efficient Sorting Algorithms for Manycore
                  {GPU}s",
  booktitle =	 "Proceedings of the \textln{23}rd IEEE International
                  Parallel and Distributed Processing Symposium",
  month =	 may,
  year =	 2009
}

@inproceedings{Sengupta:2007:SPF,
  title =	 "Scan Primitives for {GPU} Computing",
  author =	 "Shubhabrata Sengupta and Mark Harris and Yao Zhang
                  and John D. Owens",
  booktitle =	 "Graphics Hardware \textln{2007}",
  year =	 2007,
  month =	 aug,
  pages =	 {97--106},
  url =
                  {http://graphics.idav.ucdavis.edu/publications/print_pub?pub_id=915},
}

@techreport{Sengupta:2008:SPF,
  title =	 "Efficient Parallel Scan Algorithms for {GPUs}",
  author =	 "Shubhabrata Sengupta and Mark Harris and Michael
                  Garland",
  number =	 "NVR-2008-003",
  institution =	 "NVIDIA Corporation",
  year =	 2008,
  month =	 dec,
  url =		 {http://mgarland.org/papers.html#segscan-tr},
}

@article{Stantchev:2008:FPP,
  author =	 "George Stantchev and William Dorland and Nail
                  Gumerov",
  title =	 "Fast parallel Particle-To-Grid interpolation for
                  plasma {PIC} simulations on the {GPU}",
  journal =	 "Journal of Parallel and Distributed Computing",
  volume =	 68,
  number =	 10,
  pages =	 "1339--1349",
  year =	 2008,
  month =	 oct,
  doi =		 "10.1016/j.jpdc.2008.05.009",
  url =
                  "http://www.sciencedirect.com/science/article/B6WKJ-4SW144M-1/2/914e9b94290a555f36b8238a9781aa1d",
}

@inproceedings{Vineet:2009:FMS,
  author =	 {Vibhav Vineet and Pawan Harish and Suryakant Patidar
                  and P. J. Narayanan},
  title =	 {Fast Minimum Spanning Tree for Large Graphs on the
                  {GPU}},
  booktitle =	 {Proceedings of High Performance Graphics 2009},
  year =	 2009,
  month =	 aug,
  pages =	 {167--171},
  doi =		 {10.1145/1572769.1572796},
}

@Article{Weng:2009:SMI,
  author =	 {Yanlin Weng and Xiaohan Shi and Hujun Bao and Jun
                  Zhang},
  title =	 {Sketching {MLS} Image Deformations On the {GPU}},
  journal =	 {Computer Graphics Forum},
  year =	 2009,
  volume =	 27,
  number =	 7,
  pages =	 {1780--1796},
  month =	 jan
}

@article{Wu:2009:ABG,
  author =	 {Di Wu and Fan Zhang and Naiyong Ao and Fang Wang and
                  Xiaoguang Liu and Gang Wang},
  title =	 {A Batched {GPU} Algorithm for Set Intersection},
  journal =	 {International Symposium on Parallel Architectures,
                  Algorithms, and Networks},
  year =	 2009,
  month =	 dec,
  pages =	 {752--756},
  doi =		 {10.1109/I-SPAN.2009.89},
}

@article{Zhang:2009:AIP,
  author =	 {Fan Zhang and Gang Wang and Xiaoguang Liu and Jing
                  Liu},
  title =	 {An Improved Parallel Implementation of {3D} {DRIE}
                  Simulation on {GPU}},
  journal =	 {International Symposium on Parallel Architectures,
                  Algorithms, and Networks},
  year =	 2009,
  month =	 dec,
  pages =	 {747--751},
  doi =		 {10.1109/I-SPAN.2009.111},
}

@TechReport{Zhou:2008:HPS,
  author =	 {Kun Zhou and Minmin Gong and Xin Huang and Baining
                  Guo},
  title =	 {Highly Parallel Surface Reconstruction},
  institution =	 {Microsoft Research},
  year =	 2008,
  number =	 {MSR-TR-2008-53},
  month =	 "1~" # apr
}

@Article{Zhou:2008:RKC,
  title =	 "Real-time {KD}-tree Construction on Graphics
                  Hardware",
  author =	 "Kun Zhou and Qiming Hou and Rui Wang and Baining
                  Guo",
  journal =	 "ACM Transactions on Graphics",
  volume =	 27,
  number =	 5,
  month =	 dec,
  year =	 2008,
  pages =	 "126:1--126:11"
}
