
@book{ ogl:bible,
	author =    "Wright Jr., Richard S. and Lipchak, Benjamin",
	title =     "OpenGL KsiÄ™ga eksperta",
	publisher = "Helion",
	year =      2005,
	address =   "Gliwice",
	edition =   "3"
}

@incollection{ gpugems:deferred,
	author = "Oles Shishkovtsov",
	title  = "Deferred Shading in S.T.A.L.K.E.R.",
	booktitle = "GPU Gems 2",
	publisher = "NVIDIA Corporation",
	year = "2008",
	month = "lipiec",
	chapter = "9",
	note = "\url{http://http.developer.nvidia.com/GPUGems2/gpugems2_chapter09.html}",
}

@misc{ calver:deferred,
	author = "Dean Calver",
	title  = "Photo-realistic Deferred Lighting",
	howpublished = "[online]",
	year = "2003",
	note = "\url{http://www.beyond3d.com/content/articles/19/}"
}

@article{reduction,
	 title		={Optimizing Parallel Reduction in CUDA},
	 url		={http://scholar.google.com/scholar?hl=en&btnG=Search&q=intitle:Optimizing+Parallel+Reduction+in+CUDA#0},
	 abstractNote	={Common and important data parallel primitive Easy to implement in CUDA Harder to get it right Serves as a great optimization example Well walk step by step through 7 different versions Demonstrates},
	 journal	={NVIDIA Developer Technology},
	 publisher	={NVIDIA Corporation},
	 author		={Harris, Mark},
	 year		={2008}
}

@article{kmeans,
	author		= "J. A. Hartigan and M. A. Wong",
	year		= "1979",
	title		= "A {K}-Means Clustering Algorithm",
	journal		= "Applied Statistics",
	volume		= "28",
	number		= "1",
	entrydate	= "20030618",
	pages		= "100--108"
}

@Book{cuda,
	title		= "NVIDIA CUDA C Programming Guide 3.1.1",
	year		= "2010"
}

@incollection{ gpugems:atmo,
	author = "Sean O'Neil",
	title  = "Accurate Atmospheric Scattering",
	booktitle = "GPU Gems 2",
	publisher = "NVIDIA Corporation",
	year = "2008",
	month = "lipiec",
	chapter = "16",
	note = "\url{http://http.developer.nvidia.com/GPUGems2/gpugems2_chapter16.html}",
}

@misc{ burneton:atmo,
	author = "Bruneton, Eric and Neyret, Fabrice",
	title  = "Precomputed Atmospheric Scattering",
	howpublished = "[online]",
	year = "2008",
	note = "\url{http://www-ljk.imag.fr/Publications/Basilic/com.lmc.publi.PUBLI_Article@11e7cdda2f7_f64b69/article.pdf}"
}

@misc{ josth:atmo,
	author = "Radovan Josth",
	title  = "Real Time Atmosphere Rendering for the Space Simulators",
	howpublished = "[online]",
	note = "\url{http://www.cg.tuwien.ac.at/hostings/cescg/CESCG-2005/papers/Brno-Josth-Radovan/index.html}"
}

@misc{wiki:sinus,
	title =        "{Sinusoidal projection}",
	howpublished = "[online]",
	note = "\url{http://en.wikipedia.org/wiki/Sinusoidal_projection}"
}

@misc{wiki:mapproj,
	title =        "{Map projection}",
	howpublished = "[online]",
	note = "\url{http://en.wikipedia.org/wiki/Map_projection}"
}

@book{foley:phong,
	author = " D Foley, James and van Dam, Andries and K Freiner, Steven and F Hughes, John and L Phillips, Richard",
	title  = "Wprowadzenie do grafiki komputerowej",
	address= "Warszawa",
	publisher = "Wydawnictwa Naukowo-Techniczne",
	year = "1995"
}

@misc{wiki:phong,
	title =        "{Cieniowanie Phonga}",
	howpublished = "[online]",
	note = "\url{http://pl.wikipedia.org/w/index.php?title=Plik:Phong_shading_model.svg}"
}

@misc{ogl:geom,
	author = "Brown, Pat and Lichtenbelt, Barthold",
	title =        "{NV\_geometry\_shader4}",
	howpublished = "[online]",
	publisher = "nVidia Corporation",
	note = "\url{http://www.opengl.org/registry/specs/NV/geometry\_shader4.txt}"
}

@misc{ogl:get,
	title =        "{glGet}",
	howpublished = "[online]",
	note = "\url{http://www.opengl.org/sdk/docs/man3/xhtml/glGet.xml}",
	publisher = "Silicon Graphics"
}

@misc{ogl:spec,
	title =        "{OpenGL 3.2 Reference Pages}",
	howpublished = "[online]",
	note = "\url{http://www.opengl.org/sdk/docs/man3/}"
}

@Book{resnick_halliday,
	title		= "Fizyka",
	author		= "R. Resnick, D. Halliday",
	publisher	= "Polskie Wydawnictwo Naukowe",
	edition		= "Wydanie V",
	year		= "1975"
}

@misc{sqlite3,
	title		= "Sqlite3",
	howpublished	= "[online]",
	note		= "\url{http://www.sqlite.org/}"
}
